{
  "leader": "02036cam a2200457 a 4500",
  "fields": [
    {
      "001": "ocm44720533\\"
    },
    {
      "003": "OCoLC"
    },
    {
      "005": "20220106135511.0"
    },
    {
      "008": "000731s2001\\\\\\\\nyua\\\\\\\\\\be\\\\\\001\\0\\eng\\\\"
    },
    {
      "010": {
        "ind1": "\\",
        "ind2": "\\",
        "subfields": [
          {
            "a": "   00061779 "
          }
        ]
      }
    },
    {
      "040": {
        "ind1": "\\",
        "ind2": "\\",
        "subfields": [
          {
            "a": "DLC"
          },
          {
            "b": "eng"
          },
          {
            "c": "DLC"
          },
          {
            "d": "UKM"
          },
          {
            "d": "C#P"
          },
          {
            "d": "LVB"
          },
          {
            "d": "BAKER"
          },
          {
            "d": "BTCTA"
          },
          {
            "d": "YDXCP"
          },
          {
            "d": "OCLCG"
          },
          {
            "d": "OQP"
          },
          {
            "d": "HEBIS"
          },
          {
            "d": "BDX"
          },
          {
            "d": "IGP"
          },
          {
            "d": "OCLCF"
          },
          {
            "d": "OCLCQ"
          },
          {
            "d": "XFF"
          },
          {
            "d": "OCLCO"
          },
          {
            "d": "DEBBG"
          },
          {
            "d": "OCL"
          },
          {
            "d": "OCLCO"
          },
          {
            "d": "CNUTO"
          },
          {
            "d": "OCLCQ"
          },
          {
            "d": "OCLCO"
          },
          {
            "d": "PAU"
          },
          {
            "d": "TYC"
          },
          {
            "d": "OCLCA"
          },
          {
            "d": "XFF"
          },
          {
            "d": "OCLCA"
          },
          {
            "d": "OCLCQ"
          }
        ]
      }
    },
    {
      "015": {
        "ind1": "\\",
        "ind2": "\\",
        "subfields": [
          {
            "a": "GBA1Z6268"
          },
          {
            "2": "bnb"
          }
        ]
      }
    },
    {
      "019": {
        "ind1": "\\",
        "ind2": "\\",
        "subfields": [
          {
            "a": "46809430"
          },
          {
            "a": "978241142"
          }
        ]
      }
    },
    {
      "020": {
        "ind1": "\\",
        "ind2": "\\",
        "subfields": [
          {
            "a": "0815323093"
          },
          {
            "q": "(alk. paper)"
          }
        ]
      }
    },
    {
      "020": {
        "ind1": "\\",
        "ind2": "\\",
        "subfields": [
          {
            "a": "9780815323099"
          },
          {
            "q": "(alk. paper)"
          }
        ]
      }
    },
    {
      "035": {
        "ind1": "\\",
        "ind2": "\\",
        "subfields": [
          {
            "a": "(OCoLC)44720533"
          },
          {
            "z": "(OCoLC)46809430"
          },
          {
            "z": "(OCoLC)978241142"
          }
        ]
      }
    },
    {
      "043": {
        "ind1": "\\",
        "ind2": "\\",
        "subfields": [
          {
            "a": "n-us---"
          }
        ]
      }
    },
    {
      "050": {
        "ind1": "0",
        "ind2": "0",
        "subfields": [
          {
            "a": "E185.5"
          },
          {
            "b": ".O74 2001"
          }
        ]
      }
    },
    {
      "082": {
        "ind1": "0",
        "ind2": "0",
        "subfields": [
          {
            "a": "369.396073003"
          },
          {
            "b": "ORG"
          }
        ]
      }
    },
    {
      "245": {
        "ind1": "0",
        "ind2": "0",
        "subfields": [
          {
            "a": "Organizing Black America :"
          },
          {
            "b": "an encyclopedia of African American associations /"
          },
          {
            "c": "edited by Nina Mjagkij."
          }
        ]
      }
    },
    {
      "260": {
        "ind1": "\\",
        "ind2": "\\",
        "subfields": [
          {
            "a": "New York :"
          },
          {
            "b": "Garland,"
          },
          {
            "c": "2001."
          }
        ]
      }
    },
    {
      "300": {
        "ind1": "\\",
        "ind2": "\\",
        "subfields": [
          {
            "a": "xxix, 768 pages :"
          },
          {
            "b": "illustrations ;"
          },
          {
            "c": "29 cm"
          }
        ]
      }
    },
    {
      "336": {
        "ind1": "\\",
        "ind2": "\\",
        "subfields": [
          {
            "a": "text"
          },
          {
            "b": "txt"
          },
          {
            "2": "rdacontent"
          }
        ]
      }
    },
    {
      "337": {
        "ind1": "\\",
        "ind2": "\\",
        "subfields": [
          {
            "a": "unmediated"
          },
          {
            "b": "n"
          },
          {
            "2": "rdamedia"
          }
        ]
      }
    },
    {
      "338": {
        "ind1": "\\",
        "ind2": "\\",
        "subfields": [
          {
            "a": "volume"
          },
          {
            "b": "nc"
          },
          {
            "2": "rdacarrier"
          }
        ]
      }
    },
    {
      "504": {
        "ind1": "\\",
        "ind2": "\\",
        "subfields": [
          {
            "a": "Includes bibliographical references and index."
          }
        ]
      }
    },
    {
      "506": {
        "ind1": "\\",
        "ind2": "\\",
        "subfields": [
          {
            "a": "Online version licensed for access by U. of T. users."
          }
        ]
      }
    },
    {
      "650": {
        "ind1": "\\",
        "ind2": "0",
        "subfields": [
          {
            "a": "African Americans"
          },
          {
            "x": "Societies, etc."
          },
          {
            "v": "Encyclopedias."
          }
        ]
      }
    },
    {
      "650": {
        "ind1": "\\",
        "ind2": "7",
        "subfields": [
          {
            "a": "African Americans"
          },
          {
            "x": "Societies, etc."
          },
          {
            "2": "fast"
          },
          {
            "0": "(OCoLC)fst00799705"
          }
        ]
      }
    },
    {
      "655": {
        "ind1": "\\",
        "ind2": "7",
        "subfields": [
          {
            "a": "Reference works"
          },
          {
            "2": "fast"
          },
          {
            "0": "(OCoLC)fst01919963"
          }
        ]
      }
    },
    {
      "655": {
        "ind1": "\\",
        "ind2": "7",
        "subfields": [
          {
            "a": "Encyclopedias."
          },
          {
            "2": "fast"
          },
          {
            "0": "(OCoLC)fst01423798"
          }
        ]
      }
    },
    {
      "655": {
        "ind1": "\\",
        "ind2": "7",
        "subfields": [
          {
            "a": "Encyclopedias."
          },
          {
            "2": "lcgft"
          }
        ]
      }
    },
    {
      "655": {
        "ind1": "\\",
        "ind2": "7",
        "subfields": [
          {
            "a": "Reference works."
          },
          {
            "2": "lcgft"
          }
        ]
      }
    },
    {
      "700": {
        "ind1": "1",
        "ind2": "\\",
        "subfields": [
          {
            "a": "Mjagkij, Nina,"
          },
          {
            "d": "1961-"
          }
        ]
      }
    },
    {
      "856": {
        "ind1": "4",
        "ind2": "1",
        "subfields": [
          {
            "3": "2001."
          },
          {
            "u": "http://link.library.utoronto.ca/eir/EIRdetail.cfm?Resources__ID=1053419&T=F"
          }
        ]
      }
    },
    {
      "856": {
        "ind1": "4",
        "ind2": "1",
        "subfields": [
          {
            "u": "http://link.library.utoronto.ca/eir/EIRdetail.cfm?Resources__ID=769527&T=F"
          }
        ]
      }
    },
    {
      "856": {
        "ind1": "4",
        "ind2": "1",
        "subfields": [
          {
            "u": "http://link.library.utoronto.ca/eir/EIRdetail.cfm?Resources__ID=378088&T=F"
          }
        ]
      }
    },
    {
      "856": {
        "ind1": "4",
        "ind2": "2",
        "subfields": [
          {
            "3": "Publisher description"
          },
          {
            "u": "http://catdir.loc.gov/catdir/enhancements/fy0652/00061779-d.html"
          }
        ]
      }
    },
    {
      "994": {
        "ind1": "\\",
        "ind2": "\\",
        "subfields": [
          {
            "a": "Z0"
          },
          {
            "b": "NYRVC"
          }
        ]
      }
    },
    {
      "948": {
        "ind1": "\\",
        "ind2": "\\",
        "subfields": [
          {
            "h": "NO HOLDINGS IN NYRVC - 696 OTHER HOLDINGS"
          }
        ]
      }
    },
    {
      "999": {
        "ind1": "\\",
        "ind2": "\\",
        "subfields": [
          {
            "a": "000000000U4659"
          }
        ]
      }
    }
  ]
}